@book{sampaio2024a,
  title = {Diretrizes Para o Uso {\'E}tico e Respons{\'a}vel Da Intelig{\^e}ncia Artificial Generativa: Um Guia Pr{\'a}tico Para Pesquisadores},
  author = {Sampaio, Rafael Cardoso and Sabbatini, Marcelo and Limongi, Ricardo},
  year = {2024},
  publisher = {Sociedade Brasileira de Estudos Interdisciplinares da Comunica{\c c}{\~a}o - Intercom},
  address = {S{\~a}o Paulo},
  isbn = {978-85-8208-142-6},
  file = {C:\Users\pablo\OneDrive\Zotero\Sampaio et al_2024_Diretrizes para o uso ético e responsável da inteligência artificial generativa.pdf}
}

@article{dogucu2022,
	title = {Tools and Recommendations for Reproducible Teaching},
	author = {Dogucu, Mine and {Çetinkaya-Rundel}, Mine},
	year = {2022},
	month = {09},
	date = {2022-09-02},
	journal = {Journal of Statistics and Data Science Education},
	pages = {251--260},
	volume = {30},
	number = {3},
	doi = {10.1080/26939169.2022.2138645},
	url = {https://www.tandfonline.com/doi/full/10.1080/26939169.2022.2138645},
	langid = {en}
}

@book{assafneto2014,
  title = {Finan{\c c}as Corporativas e Valor},
  author = {Assaf Neto, Alexandre},
  year = {2014},
  edition = {7. ed.},
  publisher = {Atlas},
  address = {S{\~a}o Paulo},
  isbn = {978-85-224-9091-2},
  keywords = {Geral},
  file = {C:\Users\pablo\OneDrive\Zotero\Assaf Neto_2014_Finanças corporativas e valor.pdf}
}

@book{brealey2013,
  title = {Princ{\'i}pios de Finan{\c c}as Corporativas},
  author = {Brealey, Richard A. and Myers, Steward C. and Allen, Franklin},
  year = {2013},
  edition = {10. ed.},
  publisher = {AMGH},
  address = {Porto Alegre},
  isbn = {978-85-8055-239-3},
  file = {C:\Users\pablo\Zotero\storage\QRIU4WRI\Brealey et al. - 2013 - Princípios de finanças corporativas.pdf}
}

@book{gitman2010,
  title = {Princ{\'i}pios de Administra{\c c}{\~a}o Financeira},
  author = {Gitman, Lawrence J.},
  year = {2010},
  edition = {12. ed.},
  publisher = {Pearson Prentice Hall},
  address = {S{\~a}o Paulo},
  isbn = {978-85-7605-332-3},
  keywords = {Geral},
  file = {C:\Users\pablo\Zotero\storage\ZI29H6HU\Gitman - 2010 - Princípios de administração financeira.pdf}
}

@book{matias2007,
  title = {Finan{\c c}as Corporativas de Curto Prazo, Volume 1: A Gest{\~a}o Do Valor Do Capital de Giro},
  editor = {Matias, Alberto Matias},
  year = {2007},
  publisher = {Atlas},
  address = {S{\~a}o Paulo},
  isbn = {978-85-224-4458-8},
  keywords = {Curto Prazo},
  file = {C:\Users\pablo\OneDrive\Zotero\Matias_2007_Finanças corporativas de curto prazo, volume 1.pdf}
}

@book{ross2015,
  title = {Administra{\c c}{\~a}o Financeira},
  author = {Ross, Stephen A. and Westerfield, Randolph W. and Jaffe, Jeffrey and Lamb, Roberto},
  year = {2015},
  edition = {10. ed.},
  publisher = {AMGH},
  address = {Porto Alegre},
  isbn = {978-85-8055-432-8},
  keywords = {Geral},
  file = {C:\Users\pablo\OneDrive\Zotero\Ross et al_2015_Administração financeira.pdf}
}

@book{bernstein2019,
  title = {{Desafio aos Deuses: a Fascinante Hist{\'o}ria do Risco}},
  author = {Bernstein, Peter L.},
  year = {2019},
  publisher = {Alta Books},
  address = {Rio de Janeiro},
  isbn = {978-85-508-0273-2},
  langid = {portuguese},
  file = {C:\Users\pablo\OneDrive\Zotero\Bernstein_2019_Desafio aos Deuses.pdf}
}